<record><leader>00000cas a22000007a 4500</leader><controlfield tag="001">14122867</controlfield><controlfield tag="008">860821d193019uutxuwr ne      0    0eng d</controlfield><datafield ind1=" " ind2=" " tag="010"><subfield code="a">sn 86088699 </subfield></datafield><datafield ind1=" " ind2=" " tag="040"><subfield code="a">PPM</subfield><subfield code="b">eng</subfield><subfield code="c">PPM</subfield><subfield code="d">OCL</subfield><subfield code="d">OCLCQ</subfield></datafield><datafield ind1=" " ind2=" " tag="042"><subfield code="a">msc</subfield></datafield><datafield ind1="0" ind2=" " tag="130"><subfield code="a">Independent Democrat (Houston, Tex.: 1930)</subfield></datafield><datafield ind1="1" ind2="4" tag="245"><subfield code="a">The independent Democrat.</subfield></datafield><datafield ind1=" " ind2=" " tag="260"><subfield code="a">Houston, Tex. :</subfield><subfield code="b">Advance Pub. Co.,</subfield><subfield code="c">1930-</subfield></datafield><datafield ind1=" " ind2=" " tag="300"><subfield code="a">v. :</subfield><subfield code="b">ill. ;</subfield><subfield code="c">56 cm.</subfield></datafield><datafield ind1=" " ind2=" " tag="310"><subfield code="a">Weekly</subfield></datafield><datafield ind1="0" ind2=" " tag="362"><subfield code="a">Vol. 1, no. 1 (Sept. 26, 1930)-</subfield></datafield><datafield ind1=" " ind2=" " tag="580"><subfield code="a">Continues: Advance (Dallas, Tex.: 1928), and: Southern advance (Houston and Dallas, Tex.).</subfield></datafield><datafield ind1=" " ind2=" " tag="752"><subfield code="a">United States</subfield><subfield code="b">Texas</subfield><subfield code="c">Harris</subfield><subfield code="d">Houston.</subfield></datafield><datafield ind1="1" ind2="0" tag="780"><subfield code="t">Southern advance (Houston and Dallas, Tex.)</subfield><subfield code="w">(OCoLC)14122805</subfield></datafield><datafield ind1="1" ind2="0" tag="780"><subfield code="t">Advance (Dallas, Tex. : 1928)</subfield><subfield code="w">(OCoLC)14122736</subfield></datafield></record>